@article{Bempp-cl,
  title = {{Bempp-cl: A fast Python based just-in-time compiling boundary element library}},
  author = {Betcke, Timo and Scroggs, Matthew W.},
  year = {{2021}},
  journal = {{Journal of Open Source Software}},
  volume = {6},
  number = {59},
  pages = {{2879}},
  doi = {{10.21105/joss.02879}},
}


@article{BEM++,
    title = {{Solving boundary integral problems with BEM++}},
    author = {\'{S}migaj, Wojciech and Betcke, Timo and Arridge, Simon and Phillips, Joel and Schweiger, Martin},
    year = {{2015}},
    journal = {{ACM Transactions on Mathematical Software}},
    volume = {{41}},
    number = {{2}},
    pages = {{6:1--6:40}},
    doi = {{10.1145/2590830}},
}
